@inproceedings{EdDawson2003,
author = {{Ed Dawson} and Lopez, J. and Montenegro, J.A. and Okamoto, E.},
booktitle = {International Conference on Information Technology: Research and Education, 2003. Proceedings. ITRE2003.},
doi = {10.1109/ITRE.2003.1270620},
file = {::},
isbn = {0-7803-7724-9},
pages = {274--278},
publisher = {IEEE},
title = {{BAAI: biometric authentication and authorization infrastructure}},
url = {http://ieeexplore.ieee.org/document/1270620/},
year = {2003}
}
@article{Morris1979,
author = {Morris, Robert and Thompson, Ken},
doi = {10.1145/359168.359172},
issn = {00010782},
journal = {Communications of the ACM},
keywords = {computer security,operating systems,passwords},
month = {nov},
number = {11},
pages = {594--597},
publisher = {ACM},
title = {{Password security: a case history}},
url = {http://portal.acm.org/citation.cfm?doid=359168.359172},
volume = {22},
year = {1979}
}
@inproceedings{Moskovitch2009,
author = {Moskovitch, Robert and Feher, Clint and Messerman, Arik and Kirschnick, Niklas and Mustafic, Tarik and Camtepe, Ahmet and Lohlein, Bernhard and Heister, Ulrich and Moller, Sebastian and Rokach, Lior and Elovici, Yuval},
booktitle = {2009 IEEE International Conference on Intelligence and Security Informatics},
doi = {10.1109/ISI.2009.5137288},
file = {:C$\backslash$:/Users/villasv/OneDrive/Library/Papers/Moskovitch et al. - 2009 - Identity theft, computers and behavioral biometrics.pdf:pdf},
isbn = {978-1-4244-4172-3},
pages = {155--160},
publisher = {IEEE},
title = {{Identity theft, computers and behavioral biometrics}},
url = {http://ieeexplore.ieee.org/document/5137288/},
year = {2009}
}
@article{OGorman2003,
author = {O'Gorman, L.},
doi = {10.1109/JPROC.2003.819611},
file = {::},
issn = {0018-9219},
journal = {Proceedings of the IEEE},
month = {dec},
number = {12},
pages = {2021--2040},
title = {{Comparing passwords, tokens, and biometrics for user authentication}},
url = {http://ieeexplore.ieee.org/document/1246384/},
volume = {91},
year = {2003}
}